@article{ko2006exploratory,
  title={An Exploratory Study of How Developers Seek, Relate, and Collect Relevant Information during Software Maintenance Tasks},
  author={Ko, Amy J. and Myers, Brad A. and Coblenz, Michael J. and Aung, Htet Htet},
  journal={IEEE Transactions on Software Engineering},
  volume={32},
  number={12},
  pages={971},
  year={2006},
  publisher={IEEE}
}

@misc{Schroer_2024,
  author       = {Schroer, Martin and Koschke, Rainer},
  title        = {Understanding and Evaluating Developer Behaviour in Programming Tasks},
  year         = {2024},
  month        = apr,
  howpublished = {Presented at the 1st ACM/IEEE Workshop on Integrated Development Environments, ACM},
  url          = {http://dx.doi.org/10.1145/3643796.3648450},
  note         = {DOI: 10.1145/3643796.3648450, Pages 35--39}
}

@article{meyer2021today,
  title={Today was a Good Day: The Daily Life of Software Developers},
  author={Meyer, Andre N. and Barr, Earl T. and Bird, Christian and Zimmermann, Thomas},
  journal={IEEE Transactions on Software Engineering},
  volume={47},
  number={5},
  year={2021},
  publisher={IEEE}
}

@misc{gitclear2024,
  author       = {GitClear},
  title        = {Coding on Copilot: 2023 Data Suggests Downward Pressure on Code Quality},
  year         = {2024},
  howpublished = {\url{https://www.gitclear.com/coding_on_copilot_data_shows_ais_downward_pressure_on_code_quality}},
  note         = {Accessed: 2024-12-10}
}

@article{pandi2023,
  author       = {Pandi, S. B. and Binta, S. A. and Kaushal, S.},
  title        = {Artificial Intelligence for Technical Debt Management in Software Development},
  year         = {2023},
  journal      = {arXiv preprint},
  volume       = {2306.10194},
  url          = {https://arxiv.org/abs/2306.10194},
  note         = {Accessed: 2024-12-10}
}

@inproceedings{storey2006waypoints,
  author    = {Margaret-Anne Storey and
               Davor \v{C}ubrani\'{c} and
               Daniel M. German},
  title     = {How Programmers Can Turn Comments into Waypoints for Code Navigation},
  booktitle = {Proceedings of the 16th Annual International Conference on Program Comprehension (ICPC)},
  year      = {2006},
  pages     = {11--20},
  publisher = {IEEE},
  doi       = {10.1109/ICPC.2006.51}
}